<?xml version="1.0" encoding="UTF-8"?><record xmlns="http://www.loc.gov/MARC21/slim" xmlns:cinclude="http://apache.org/cocoon/include/1.0" xmlns:zs="http://www.loc.gov/zing/srw/">
  <leader>00502cz  a2200133n  4500</leader>
  <controlfield tag="001">n  92806500 </controlfield>
  <controlfield tag="003">DLC</controlfield>
  <controlfield tag="005">20131024073740.0</controlfield>
  <controlfield tag="008">921230n| azannaabn          |n aaa      </controlfield>
  <datafield tag="010" ind1=" " ind2=" ">
    <subfield code="a">n  92806500 </subfield>
  </datafield>
  <datafield tag="035" ind1=" " ind2=" ">
    <subfield code="a">(OCoLC)oca03293407</subfield>
  </datafield>
  <datafield tag="040" ind1=" " ind2=" ">
    <subfield code="a">DNLM</subfield>
    <subfield code="b">eng</subfield>
    <subfield code="e">rda</subfield>
    <subfield code="c">DLC</subfield>
    <subfield code="d">DNLM</subfield>
  </datafield>
  <datafield tag="100" ind1="1" ind2=" ">
    <subfield code="a">Wolfe, M. Michael</subfield>
  </datafield>
  <datafield tag="670" ind1=" " ind2=" ">
    <subfield code="a">Gastrointestinal pharmacotherapy, c1994:</subfield>
    <subfield code="b">CIP t.p. (M. Michael Wolfe, MD; assist. prof. of medicine, Harvard Medical Sch.; and Division of Gastroenterology, Brigham &amp; Women's Hosp., Boston, Mass.)</subfield>
  </datafield>
</record>